@inproceedings{kolodenker2017ezdec,
  title={EzDec: A Behavior-based Ransomware Detector},
  author={Kolodenker, Eugene and Koch, William and Giani, Andrew and Vigna, Giovanni},
  booktitle={Proceedings of the 13th International Conference on Detection of Intrusions and Malware, and Vulnerability Assessment (DIMVA 2017)},
  pages={135--155},
  year={2017},
  organization={Springer, Cham}
}
@article{sgandurra2016automated,
  title={Automated dynamic analysis of ransomware: Benefits, limitations and use for detection},
  author={Sgandurra, Daniele and Munoz-Gonzalez, Luis and Mohsen, Rabih and Lupu, Emil},
  journal={arXiv preprint arXiv:1609.03020},
  year={2016}
}

@article{cabaj2018machine,
  title={Machine Learning-Based Detection of Ransomware Using SDN Traffic},
  author={Cabaj, Krzysztof and Grega, Micha≈Ç and Mazurczyk, Wojciech},
  journal={IEEE Transactions on Industrial Informatics},
  volume={14},
  number={6},
  pages={2616--2625},
  year={2018},
  publisher={IEEE}
}

@article{zhu2019ransomware,
  title={Ransomware Detection Based on System Call Sequence Analysis},
  author={Zhu, Qianru and Zhou, Yuan and Zhang, Cong and Liu, Qi},
  journal={Security and Communication Networks},
  volume={2019},
  pages={1--11},
  year={2019},
  publisher={Hindawi}
}

@article{alrimy2019ransomclassifier,
  title={RansomClassifier: A Behavior-Based Ransomware Detection Approach Using Support Vector Machine},
  author={Al-Rimy, Bandar and Maarof, Mohd Aizaini and Shaid, Shamsul},
  journal={Computers \& Security},
  volume={87},
  pages={101572},
  year={2019},
  publisher={Elsevier}
}


@INPROCEEDINGS{Adamov,
  author={Adamov, Alexander and Carlsson, Anders},
  booktitle={2020 IEEE East-West Design and Test Symposium (EWDTS)}, 
  title={Reinforcement Learning for Anti-Ransomware Testing}, 
  year={2020},
  volume={},
  number={},
  pages={1-5},
  doi={10.1109/EWDTS50664.2020.9225141}}
  